@incollection{wtv,
title = {Distributed Representations of Words and Phrases and their Compositionality},
author = {Mikolov, Tomas and Sutskever, Ilya and Chen, Kai and Corrado, Greg S and Dean, Jeff},
booktitle = {Advances in Neural Information Processing Systems 26},
editor = {C. J. C. Burges and L. Bottou and M. Welling and Z. Ghahramani and K. Q. Weinberger},
pages = {3111--3119},
year = {2013},
publisher = {Curran Associates, Inc.},
url = {http://papers.nips.cc/paper/5021-distributed-representations-of-words-and-phrases-and-their-compositionality.pdf}
}

@inproceedings{glove,
  author = {Jeffrey Pennington and Richard Socher and Christopher D. Manning},
  booktitle = {Empirical Methods in Natural Language Processing (EMNLP)},
  title = {GloVe: Global Vectors for Word Representation},
  year = {2014},
  pages = {1532--1543},
  url = {http://www.aclweb.org/anthology/D14-1162},
}

@misc{embeddings,
    title={Word Embeddings: A Survey},
    author={Felipe Almeida and Geraldo Xex√©o},
    year={2019},
    eprint={1901.09069},
    archivePrefix={arXiv},
    primaryClass={cs.CL}
}

@misc{event-survey1,
Author = {Jugal Kalita},
Title = {Detecting and Extracting Events from Text Documents},
Year = {2016},
Eprint = {arXiv:1601.04012},
}

@article{event-survey2,
author = {Wei, Xiang and Wang, Bang},
year = {2019},
month = {11},
pages = {1-1},
title = {A Survey of Event Extraction from Text},
volume = {PP},
journal = {IEEE Access},
doi = {10.1109/ACCESS.2019.2956831}
}
